@online{trendforce,
	author = {Henry Chung},
	title = {TrendForce Reports Q1 Smartphone Shipments Totaled 291.2M Units with 
	Huawei Becoming Top Chinese Brand},
	year = {2015-04-23},
	url = {http://press.trendforce.com/press/20150416-1889.html}
}

@online{nardada,
title = {När då då?},
url = {http://www.spelexperten.com/sallskapsspel/familjespel/nar-da-da.html},
year = {2015-04-23},
}

@online{historiekampen,
author = {Boboshi},
title = {Historiekampen},
year = {2015-04-23},
url = {https://itunes.apple.com/se/app/historiekampen/id840741173?mt=8},
}
